@misc{bannister.devanny.ea:track,
  title = {Track Layouts, Layered Path Decompositions, and Leveled Planarity},
  author = {Michael J. Bannister and William E. Devanny and Vida DujmoviÄ‡ and David Eppstein and David R. Wood},
  howpublished = {arxiv:1609.08688},
  month = {June},
  year = {2015}
}

